<collection xmlns="http://www.loc.gov/MARC21/slim"><record><leader>00874nam  2200265   450</leader><controlfield tag="001">612</controlfield><controlfield tag="003">http://montalegre.opacnet.com/OPAC/default.aspx?ContentAreaControl=ShowRegHoldings.ascx&amp;RegNo=16662</controlfield><datafield tag="095" ind1=" " ind2=" "><subfield code="a">PTBN00271201</subfield></datafield><datafield tag="100" ind1=" " ind2=" "><subfield code="a">19930612d1985    da y0pory0103    ba</subfield></datafield><datafield tag="101" ind1="0" ind2=" "><subfield code="a">por</subfield></datafield><datafield tag="102" ind1=" " ind2=" "><subfield code="a">PT</subfield></datafield><datafield tag="105" ind1=" " ind2=" "><subfield code="a">a   z   001yy</subfield></datafield><datafield tag="106" ind1=" " ind2=" "><subfield code="a">r</subfield></datafield><datafield tag="200" ind1="1" ind2=" "><subfield code="a">&lt;O &gt;gato dourado</subfield><subfield code="f">Matilde Rosa Araújo</subfield><subfield code="g">il. Maria Keil</subfield></datafield><datafield tag="210" ind1=" " ind2=" "><subfield code="a">Lisboa</subfield><subfield code="c">Horizonte</subfield><subfield code="d">1985</subfield></datafield><datafield tag="215" ind1=" " ind2=" "><subfield code="a">30, [2] p.</subfield><subfield code="c">il.</subfield><subfield code="d">23 cm</subfield></datafield><datafield tag="225" ind1="2" ind2=" "><subfield code="a">Pássaro livre</subfield><subfield code="v">8</subfield></datafield><datafield tag="675" ind1=" " ind2=" "><subfield code="a">087.5</subfield><subfield code="v">BN</subfield><subfield code="z">por</subfield><subfield code="v">BN</subfield><subfield code="z">por</subfield><subfield code="3">287999</subfield></datafield><datafield tag="675" ind1=" " ind2=" "><subfield code="a">821.134.3-93"19"</subfield><subfield code="v">BN</subfield><subfield code="z">por</subfield><subfield code="v">BN</subfield><subfield code="z">por</subfield><subfield code="3">556734</subfield></datafield><datafield tag="675" ind1=" " ind2=" "><subfield code="z">por</subfield><subfield code="z">por</subfield></datafield><datafield tag="700" ind1=" " ind2="1"><subfield code="a">Araújo</subfield><subfield code="b">Matilde Rosa</subfield><subfield code="f">1921-</subfield><subfield code="3">6567</subfield></datafield><datafield tag="702" ind1=" " ind2="1"><subfield code="a">Keil</subfield><subfield code="b">Maria</subfield><subfield code="f">1914-</subfield><subfield code="4">440</subfield><subfield code="3">34431</subfield></datafield><datafield tag="801" ind1=" " ind2="0"><subfield code="a">PT</subfield><subfield code="b">Biblioteca Municipal de Montalegre</subfield><subfield code="g">RPC</subfield></datafield><datafield tag="856" ind1=" " ind2=" "><subfield code="u">locateMedia.asp?cod=20060522160855&amp;ext=jpg</subfield><subfield code="z">CAPA</subfield></datafield><datafield tag="909" ind1="&#9;" ind2=" "><subfield code="a">2</subfield></datafield><datafield tag="966" ind1=" " ind2=" "><subfield code="a">0001628</subfield><subfield code="l">BMM</subfield><subfield code="s">SI 82-34 ARA gat 8</subfield></datafield><datafield tag="966" ind1=" " ind2=" "><subfield code="a">0001627</subfield><subfield code="l">BMM</subfield><subfield code="s">SI 82-34 ARA gat 8</subfield></datafield></record></collection>